<?xml version="1.0"?>
<marc:records xmlns:marc="http://www.loc.gov/MARC21/slim" xmlns:xsi="http://www.w3.org/2001/XMLSchema-instance" xsi:schemaLocation="http://www.loc.gov/MARC21/slim http://www.loc.gov/standards/marcxml/schema/MARC21slim.xsd">
  <marc:record>
    <marc:leader>03990ntm a2200529Ia 4500</marc:leader>
    <marc:controlfield tag="001">9977523746303681</marc:controlfield>
    <marc:controlfield tag="005">20190507165412.0</marc:controlfield>
    <marc:controlfield tag="008">190507s1772    fr            000 0 heb d</marc:controlfield>
    <marc:datafield ind1=" " ind2=" " tag="035">
  <marc:subfield code="a">(OCoLC)1100423510</marc:subfield>
</marc:datafield>
    <marc:datafield ind1=" " ind2=" " tag="035">
  <marc:subfield code="a">(OCoLC)on1100423510</marc:subfield>
</marc:datafield>
    <marc:datafield ind1=" " ind2=" " tag="040">
  <marc:subfield code="a">PAU</marc:subfield>
  <marc:subfield code="b">eng</marc:subfield>
  <marc:subfield code="c">PAU</marc:subfield>
  <marc:subfield code="e">amremm</marc:subfield>
  <marc:subfield code="d">PAU</marc:subfield>
</marc:datafield>
    <marc:datafield ind1=" " ind2="9" tag="099">
  <marc:subfield code="a">CAJS Rar Ms 494</marc:subfield>
</marc:datafield>
    <marc:datafield ind1="1" ind2=" " tag="100">
  <marc:subfield code="6">880-01</marc:subfield>
  <marc:subfield code="a">Valabre&#x300;gne, Yitsh&#x323;ak&#x323; de.</marc:subfield>
</marc:datafield>
    <marc:datafield ind1="1" ind2="0" tag="245">
  <marc:subfield code="6">880-02</marc:subfield>
  <marc:subfield code="a">[Moreh la-shoh&#x323;t&#x323;im be-derekh she&#x2BC;elah u-teshuvah.]</marc:subfield>
</marc:datafield>
    <marc:datafield ind1=" " ind2=" " tag="260">
  <marc:subfield code="6">880-03</marc:subfield>
  <marc:subfield code="a">[Carpentras?],</marc:subfield>
  <marc:subfield code="c">1772.</marc:subfield>
</marc:datafield>
    <marc:datafield ind1=" " ind2=" " tag="300">
  <marc:subfield code="a">22 leaves :</marc:subfield>
  <marc:subfield code="b">paper ;</marc:subfield>
  <marc:subfield code="c">215 x 140 (170 x 95) mm.</marc:subfield>
</marc:datafield>
    <marc:datafield ind1=" " ind2=" " tag="500">
  <marc:subfield code="a">Ms. codex.</marc:subfield>
</marc:datafield>
    <marc:datafield ind1=" " ind2=" " tag="500">
  <marc:subfield code="a">Title supplied by cataloger.</marc:subfield>
</marc:datafield>
    <marc:datafield ind1=" " ind2=" " tag="500">
  <marc:subfield code="a">Collation: Paper, 22; 1&#xB2;&#x2074; (-23,-24); modern foliation in pencil, lower left recto, 1-22.</marc:subfield>
</marc:datafield>
    <marc:datafield ind1=" " ind2=" " tag="500">
  <marc:subfield code="a">Layout: Written in 19-20 long lines ruled in hardpoint; an indentation follows each heading of "she&#x2BC;elah" and "teshuvah," and the last line of each entry is centered.</marc:subfield>
</marc:datafield>
    <marc:datafield ind1=" " ind2=" " tag="500">
  <marc:subfield code="a">Script:  Written in a Franco-Italian square script, with most of the manuscript being vocalized.</marc:subfield>
</marc:datafield>
    <marc:datafield ind1=" " ind2=" " tag="500">
  <marc:subfield code="a">Decoration: Pen flourishes after the text and the colophon (f. 22r).</marc:subfield>
</marc:datafield>
    <marc:datafield ind1=" " ind2=" " tag="500">
  <marc:subfield code="a">Binding: In original paper wrapper.</marc:subfield>
</marc:datafield>
    <marc:datafield ind1=" " ind2=" " tag="500">
  <marc:subfield code="a">Origin:  Written likely in Carpentras, France, by the shoh&#x323;et&#x323; of Carpentras, Yitsh&#x323;ak&#x323; de Valabre&#x300;gne, on 15 Heshvan 5533 (Wednesday, 11 November 1772).</marc:subfield>
</marc:datafield>
    <marc:datafield ind1=" " ind2=" " tag="520">
  <marc:subfield code="a">This is a manuscript, likely once a teaching handbook, for the purposes of imparting and studying the laws of shehitah (ritual slaughter), kisuy ha-dam (the covering of the blood after the slaughter of birds and wild beasts, 'h&#x323;ayot v&#x323;e-&#x2BB;ofot') and t&#x323;erefot (deformities which disqualify the kashrut of a slaughtered animal). The format of the text is one of question and answer; for example, why is a delayed slaughtering motion (shehiyah) prohibited (f. 11v);  what is the law if one discovers the trachea cut or removed (f. 13v); if one slaughtered one hundred fowl or one hundred beasts, of how many [of these] must he cover their blood and how many blessings must he recite (f. 15r); what types of lung adhesions (sirkhot) are permitted (f. 19r). Many of these questions are found in the Talmud and halakhic codes.</marc:subfield>
</marc:datafield>
    <marc:datafield ind1=" " ind2=" " tag="524">
  <marc:subfield code="a">UPenn CAJS Rar Ms 494.</marc:subfield>
</marc:datafield>
    <marc:datafield ind1=" " ind2=" " tag="546">
  <marc:subfield code="a">Hebrew.</marc:subfield>
</marc:datafield>
    <marc:datafield ind1="1" ind2=" " tag="561">
  <marc:subfield code="a">Former owner inscriptions: effaced inscription in ink (front cover); 'kisah' twice in Hebrew letters in black crayon (inside front cover); en tano [?] Commence vendredi au soir in ink (? inside front cover upside down); Citoyen Abraham (back cover).</marc:subfield>
</marc:datafield>
    <marc:datafield ind1="1" ind2=" " tag="561">
  <marc:subfield code="a">Presented to The Penn Libraries in 2018 by Joseph and Susan Moldovan (C'76).</marc:subfield>
</marc:datafield>
    <marc:datafield ind1=" " ind2="0" tag="650">
  <marc:subfield code="a">Shehitah.</marc:subfield>
</marc:datafield>
    <marc:datafield ind1=" " ind2="0" tag="650">
  <marc:subfield code="a">Jews</marc:subfield>
  <marc:subfield code="x">Dietary laws.</marc:subfield>
</marc:datafield>
    <marc:datafield ind1=" " ind2="0" tag="650">
  <marc:subfield code="a">Questions and answers</marc:subfield>
  <marc:subfield code="x">Jews.</marc:subfield>
</marc:datafield>
    <marc:datafield ind1=" " ind2="0" tag="650">
  <marc:subfield code="a">Jews</marc:subfield>
  <marc:subfield code="z">France</marc:subfield>
  <marc:subfield code="z">Carpentras</marc:subfield>
  <marc:subfield code="y">18th century.</marc:subfield>
</marc:datafield>
    <marc:datafield ind1=" " ind2="0" tag="651">
  <marc:subfield code="a">Comtat Venaissin (France)</marc:subfield>
  <marc:subfield code="x">History</marc:subfield>
  <marc:subfield code="y">18th century</marc:subfield>
  <marc:subfield code="v">Sources.</marc:subfield>
</marc:datafield>
    <marc:datafield ind1=" " ind2="7" tag="655">
  <marc:subfield code="a">Codices (bound manuscripts)</marc:subfield>
  <marc:subfield code="2">aat</marc:subfield>
</marc:datafield>
    <marc:datafield ind1=" " ind2="7" tag="655">
  <marc:subfield code="a">Manuals (instructional materials)</marc:subfield>
  <marc:subfield code="2">aat</marc:subfield>
</marc:datafield>
    <marc:datafield ind1=" " ind2="0" tag="655">
  <marc:subfield code="a">Manuscripts, European.</marc:subfield>
</marc:datafield>
    <marc:datafield ind1="1" ind2=" " tag="700">
  <marc:subfield code="a">Moldovan, Joseph,</marc:subfield>
  <marc:subfield code="e">donor.</marc:subfield>
</marc:datafield>
    <marc:datafield ind1="1" ind2=" " tag="700">
  <marc:subfield code="a">Moldovan, Susan,</marc:subfield>
  <marc:subfield code="e">donor.</marc:subfield>
</marc:datafield>
    <marc:datafield ind1="2" ind2=" " tag="710">
  <marc:subfield code="a">Moldovan Family Judaica Collection (University of Pennsylvania)</marc:subfield>
  <marc:subfield code="5">PU</marc:subfield>
</marc:datafield>
    <marc:datafield ind1="0" ind2="0" tag="773">
  <marc:subfield code="t">Moldovan Family Judaica Collection (University of Pennsylvania)</marc:subfield>
</marc:datafield>
    <marc:datafield ind1=" " ind2=" " tag="852">
  <marc:subfield code="b">Library at the Herbert D. Katz Center for Advanced Judaic Studies</marc:subfield>
  <marc:subfield code="a">University of Pennsylvania</marc:subfield>
  <marc:subfield code="e">420 Walnut Street, Philadelphia, Pennsylvania 19106-3703.</marc:subfield>
  <marc:subfield code="j">CAJS Rar Ms 494</marc:subfield>
</marc:datafield>
    <marc:datafield ind1="1" ind2=" " tag="880">
  <marc:subfield code="6">100-01//r</marc:subfield>
  <marc:subfield code="a">&#x5D3;&#x5D5;&#x5D5;&#x5D0;&#x5DC;&#x5D1;&#x5E8;&#x5D9;&#x5E0;&#x5D5;&#x5D4;, &#x5D9;&#x5E6;&#x5D7;&#x5E7;.</marc:subfield>
</marc:datafield>
    <marc:datafield ind1="1" ind2="0" tag="880">
  <marc:subfield code="6">245-02//r</marc:subfield>
  <marc:subfield code="a">[&#x5DE;&#x5D5;&#x5E8;&#x5D4; &#x5DC;&#x5E9;&#x5D5;&#x5D7;&#x5D8;&#x5D9;&#x5DD; &#x5D1;&#x5D3;&#x5E8;&#x5DA; &#x5E9;&#x5D0;&#x5DC;&#x5D4; &#x5D5;&#x5EA;&#x5E9;&#x5D5;&#x5D1;&#x5D4;.]</marc:subfield>
</marc:datafield>
    <marc:datafield ind1=" " ind2=" " tag="880">
  <marc:subfield code="6">260-03//r</marc:subfield>
  <marc:subfield code="a">[&#x5E7;&#x5E8;&#x5E4;&#x5E0;&#x5D8;&#x5E8;&#x5E1;?],</marc:subfield>
  <marc:subfield code="c">1772.</marc:subfield>
</marc:datafield>
    <marc:datafield ind1=" " ind2=" " tag="948">
  <marc:subfield code="h">HELD BY PAU - 0 OTHER HOLDINGS</marc:subfield>
</marc:datafield>
    <marc:datafield ind1=" " ind2=" " tag="994">
  <marc:subfield code="a">Z0</marc:subfield>
  <marc:subfield code="b">PAU</marc:subfield>
</marc:datafield>
    <marc:datafield ind1=" " ind2=" " tag="996">
  <marc:subfield code="a">hinge-right</marc:subfield>
</marc:datafield>
    <marc:holdings>
      <marc:holding>
        <marc:holding_id>22586217930003681</marc:holding_id>
        <marc:call_number>CAJS Rar Ms 494</marc:call_number>
        <marc:library>KatzLib</marc:library>
        <marc:location>cjsrarms</marc:location>
      </marc:holding>
    </marc:holdings>
  </marc:record>
</marc:records>
